@String{ack-nhfb = "Nelson H. F. Beebe,
                    University of Utah,
                    Department of Mathematics, 110 LCB,
                    155 S 1400 E RM 233,
                    Salt Lake City, UT 84112-0090, USA,
                    Tel: +1 801 581 5254,
                    FAX: +1 801 581 4148,
                    e-mail: \path|beebe@math.utah.edu|,
                            \path|beebe@acm.org|,
                            \path|beebe@computer.org| (Internet),
                    URL: \path|http://www.math.utah.edu/~beebe/|"}
@String{pub-ISO                 = "International Organization for
                                  Standardization"}
@String{pub-ISO:adr             = "Geneva, Switzerland"}
@String{param-algo-authors = "Cygan, Marek and Fomin, Fedor V. and Kowalik, Lukasz and Lokshta\-nov, Daniel and Marx, Daniel and Pilipczuk, Marcin and Pilipczuk, Mi\-chal and Sa\-urabh, Saket"}
@String{param-algo-title = "Parameterized Algorithms"}
@String{param-algo-year = "2015"}
@String{param-algo-isbn = "3319212745"}
@String{param-algo-publisher = "Springer Publishing Company, Incorporated"}
@String{param-algo-edition = "1st"}
%%% ====================================================================
@inbook{mis_exp,
  author="Karp, Richard M.",
  editor="Miller, Raymond E. and Thatcher, James W. and Bohlinger, Jean D.",
  title="Reducibility among Combinatorial Problems",
  year="1972",
  publisher="Springer US",
  address="Boston, MA",
  pages="85--103",
  isbn="978-1-4684-2001-2",
  doi="10.1007/978-1-4684-2001-2_9",
  url="https://doi.org/10.1007/978-1-4684-2001-2_9"
}
@book{cpp_11,
  author =       "{ISO}",
  title =        "{ISO\slash IEC 14882:2011 Information technology ---
                 Programming languages --- C++}",
  publisher =    pub-ISO,
  address =      pub-ISO:adr,
  day =          "1",
  month =        sep,
  year =         "2011",
  bibdate =      "Mon Dec 19 11:12:12 2011",
  bibsource =    "http://www.math.utah.edu/pub/tex/bib/isostd.bib;
                 http://www.math.utah.edu/pub/tex/bib/mathcw.bib",
  URL =          "http://www.iso.org/iso/iso_catalogue/catalogue_tc/catalogue_detail.htm?csnumber=50372",
  acknowledgement = ack-nhfb,
  remark =       "Revises ISO/IEC 14882:2003.",
}


@book{cpp_17,
  author =       "{ISO}",
  title =        "{ISO\slash IEC 14882:2017 Information technology ---
                 Programming languages --- C++}",
  publisher =    pub-ISO,
  address =      pub-ISO:adr,
  pages =        "1605",
  month =        dec,
  year =         "2017",
  bibdate =      "Wed Feb 21 06:49:12 2018",
  bibsource =    "http://www.math.utah.edu/pub/tex/bib/isostd.bib",
  URL =          "https://www.iso.org/standard/68564.html",
  acknowledgement = ack-nhfb,
  remark =       "Revises ISO/IEC 14882:2014.",
}

@incollection{boost_genericity,
  title = "Genericity in the Boost Graph Library",
  booktitle = "Boost",
  URL = "https://www.boost.org/doc/libs/1_72_0/libs/graph/doc/index.html",
  urldate = "2020-03-01"
}

@incollection{graph_concepts,
  title = "Graph Concepts",
  booktitle = "Boost",
  URL = "https://www.boost.org/doc/libs/1_72_0/libs/graph/doc/graph_concepts.html",
  urldate = "2020-03-01"
}

@book{param_algo,
  author    = {Marek Cygan and
               Fedor V. Fomin and
               Lukasz Kowalik and
               Daniel Lokshtanov and
               Dániel Marx and
               Marcin Pilipczuk and
               Michal Pilipczuk and
               Saket Saurabh},
  title     = {Parameterized Algorithms},
  publisher = {Springer},
  year      = {2015},
  url       = {https://doi.org/10.1007/978-3-319-21275-3},
  doi       = {10.1007/978-3-319-21275-3},
  isbn      = {978-3-319-21274-6},
  timestamp = {Mon, 16 Sep 2019 14:43:23 +0200},
  biburl    = {https://dblp.org/rec/books/sp/CyganFKLMPPS15.bib},
  bibsource = {dblp computer science bibliography, https://dblp.org}
}

@article{tree_decomposition_complexity,
  author = "Arnborg, Stefan and Corneil, Derek G. and Proskurowski, Andrzej",
  title = "Complexity of Finding Embeddings in a k-Tree",
  journal = "SIAM Journal on Algebraic Discrete Methods",
  volume = "8",
  number = "2",
  pages = "277--284",
  year = "1987",
  doi = "10.1137/0608024",
  URL = "https://doi.org/10.1137/0608024",
  eprint = "https://doi.org/10.1137/0608024"
}

@inbook{tree_decomposition_algorithm,
  author="Reed, B. A.",
  editor="Reed, Bruce A.
  and Sales, Cl{\'a}udia L.",
  title="Algorithmic Aspects of Tree Width",
  bookTitle="Recent Advances in Algorithms and Combinatorics",
  year="2003",
  publisher="Springer New York",
  address="New York, NY",
  pages="85--107",
  abstract="Divide and conquer is a technique which is effective when preparing military campaigns, planning political strategy, and manipulating your parents. So, it is not too surprising that it also has an important role to play in algorithmic graph theory.",
  isbn="978-0-387-22444-2",
  doi="10.1007/0-387-22444-0_4",
  url="https://doi.org/10.1007/0-387-22444-0_4"
}

@incollection{menger_proof,
  author = "Valla, T. and Matoušek, J.",
  title = "Kombinatorika a grafy",
  booktitle = "Skripta, KAM MFF UK",
  address= "Praha",
  year = "2008",
  pages = "21--22",
  url = "https://iuuk.mff.cuni.cz/~valla/kg.pdf",
  urldate = "2020-03-29"
}

@incollection{boost_test_variants,
  title = "Usage variants",
  booktitle = "Boost",
  url = "https://www.boost.org/doc/libs/1_72_0/libs/test/doc/html/boost_test/usage_variants.html",
  urldate = "2020-03-12"
}

@incollection{boost_test_fixtures,
  title = "Fixtures",
  booktitle = "Boost",
  url = "https://www.boost.org/doc/libs/1_72_0/libs/test/doc/html/boost_test/tests_organization/fixtures.html",
  urldate = "2020-03-12"
}

@incollection{doxygen,
  title = "Doxygen main page",
  booktitle = "Doxygen",
  url = "http://www.doxygen.nl/index.html",
  urldate = "2020-03-13"
}

@article{mis_linear,
  author = "Chen, G. and Kuo, M. and Sheu, Jang-Ping",
  title = "An optimal time algorithm for finding a maximum weight independent set in a tree",
  volume = "28",
  pages = "353--356",
  doi = "10.1007/BF01934098"
}

@inproceedings{mwis_np,
  author = "Sebastian Lamm and Christian Schulz and Darren Strash and Robert Williger and Huashuo Zhang",
  title = "Exactly Solving the Maximum Weight Independent Set Problem on Large Real-World Graphs",
  booktitle = "Proceedings of the Twenty-First Workshop on Algorithm Engineering and Experiments, {ALENEX} 2019, San Diego, CA, USA, January 7-8, 2019",
  pages     = {144--158},
  publisher = {{SIAM}},
  year      = {2019},
  url       = {https://doi.org/10.1137/1.9781611975499.12},
  doi       = {10.1137/1.9781611975499.12},
  timestamp = {Wed, 25 Sep 2019 18:03:35 +0200},
  biburl    = {https://dblp.org/rec/conf/alenex/Lamm0SWZ19.bib},
  bibsource = {dblp computer science bibliography, https://dblp.org}
}

@incollection{boost_subgraph,
  title = "Subgraph class",
  booktitle = "Boost",
  url = "https://www.boost.org/doc/libs/1_72_0/libs/graph/doc/subgraph.html",
  urldate = "2020-03-26"
}

@incollection{boost_concepts,
  title = "Container Concept Checking Classes",
  booktitle = "Boost",
  url = "https://www.boost.org/doc/libs/1_72_0/libs/concept_check/reference.htm#container-concepts",
  urldate = "2020-04-04"
}

@incollection{bccl_class,
  title = "Creating Concept Checking Classes",
  booktitle = "Boost",
  url = "https://www.boost.org/doc/libs/1_72_0/libs/concept_check/creating_concepts.htm",
  urldate = "2020-04-04"
}

@incollection{std_vector,
  title = "std::vector::insert",
  booktitle = "cppreference",
  url = "https://en.cppreference.com/w/cpp/container/vector/insert",
  urldate = "2020-04-04"
}

@incollection{std_deque,
  title = "std::deque::insert",
  booktitle = "cppreference",
  url = "https://en.cppreference.com/w/cpp/container/deque/insert",
  urldate = "2020-04-04"
}

@incollection{std_list,
  title = "std::list::insert",
  booktitle = "cppreference",
  url = "https://en.cppreference.com/w/cpp/container/list/insert",
  urldate = "2020-04-04"
}

@incollection{std_set,
  title = "std::set::insert",
  booktitle = "cppreference",
  url = "https://en.cppreference.com/w/cpp/container/set/insert",
  urldate = "2020-04-04"
}

@incollection{std_map,
  title = "std::map::insert",
  booktitle = "cppreference",
  url = "https://en.cppreference.com/w/cpp/container/map/insert",
  urldate = "2020-04-04"
}

@incollection{std_multiset,
  title = "multiset::insert",
  booktitle = "cppreference",
  url = "https://en.cppreference.com/w/cpp/container/multiset/insert",
  urldate = "2020-04-04"
}

@incollection{std_multimap,
  title = "std::multimap::insert",
  booktitle = "cppreference",
  url = "https://en.cppreference.com/w/cpp/container/multimap/insert",
  urldate = "2020-04-04"
}

@incollection{std_unordered_set,
  title = "std::unordered\_set::insert",
  booktitle = "cppreference",
  url = "https://en.cppreference.com/w/cpp/container/unordered_set/insert",
  urldate = "2020-04-04"
}

@incollection{std_unordered_map,
  title = "std::unordered\_map::insert",
  booktitle = "cppreference",
  url = "https://en.cppreference.com/w/cpp/container/unordered_map/insert",
  urldate = "2020-04-04"
}

@incollection{std_unordered_multiset,
  title = "std::unordered\_multiset::insert",
  booktitle = "cppreference",
  url = "https://en.cppreference.com/w/cpp/container/unordered_multiset/insert",
  urldate = "2020-04-04"
}

@incollection{std_unordered_multimap,
  title = "unordered\_multimap::insert",
  booktitle = "cppreference",
  url = "https://en.cppreference.com/w/cpp/container/unordered_multimap/insert",
  urldate = "2020-04-04"
}

@incollection{gitlab_ci,
  title = "Security on protected branches",
  booktitle = "gitlab",
  url = "https://docs.gitlab.com/ee/ci/pipelines/#security-on-protected-branches",
  urldate = "2020-04-06"
}

@incollection{boost_subgraph_image,
  title = "Subgraph",
  booktitle = "Boost",
  url = "https://www.boost.org/doc/libs/1_72_0/libs/graph/doc/subgraph.html",
  urldate = "2020-05-02"
}
